@article{wickramasuriya2019skin,
  title={Skin conductance as a viable alternative for closing the deep brain stimulation loop in neuropsychiatric disorders},
  author={Wickramasuriya, Dilranjan Sunimal and Amin, Md and Faghih, Rose Taj and others},
  journal={Frontiers in neuroscience},
  volume={13},
  pages={780},
  year={2019},
  publisher={Frontiers}
}